@Article{skin-figure,
  Title = {\href{https://skincancerinfo.org/scsc-overview/}{ABOUT SQUAMOUS CELL SKIN CANCER: OVERVIEW}},
  Author = {Skin Cancer Education \& Research Foundation}
}
  %Journal                  = {Skin Cancer Education & Research Foundation}
  %Year                     = {2011},
  %Number                   = {3},
  %Pages                    = {481-494},
  %Volume                   = {22},
  %Owner                    = {Modesto},
  %Timestamp                = {2010.05.24}

@Article{uvi,
  Title = {\href{https://www3.gobiernodecanarias.org/sanidad/scs////content/1b49073b-b2cf-11e0-8086-e35e241032d3/PrevcancerpielDocTecn2011.pdf}{Servicio Canario de la Salud}},
  Author = {Alberto Armas Navarro},
  Year = {2011}
}

@Article{isic-archive,
  Title = {\href{https://challenge2020.isic-archive.com/}{Official dataset of the SIIM-ISIC Melanoma Classification Challenge}},
  Author = {ISIC 2020 Challenge Dataset},
  Year = {2020}
}

@Article{kaggle,
  Title = {\href{https://www.kaggle.com/c/siim-isic-melanoma-classification/overview}{SIIM-ISIC Melanoma Classification Kaggle Challenge}},
  Author = {SIIM \& ISIC},
  Year = {2020}
}

@Article{isic-archive-datasets,
  Title = {\href{https://challenge.isic-archive.com/data}{ISIC Challenge Datasets}},
  Author = {SIIM \& ISIC},
  Year = {2020}
}

@Article{bayesian_networks,
  Title = {\href{https://arxiv.org/pdf/2007.06823.pdf}{Hands-on Bayesian Neural Networks - a Tutorial for DeepLearning Users}},
  Author = {Laurent Valentin Jospin{,} Wray Buntine{,} Farid Boussaid{,} Hamid Laga{,} Mohammed Bennamoun},
  Year = {2020}
}

@Article{bayesian_networks-gal,
  Title = {\href{https://arxiv.org/pdf/1506.02142.pdf}{Dropout as a Bayesian Approximation: Representing Model Uncertainty in Deep Learning}},
  Author = {Yarin Gal{,} Zoubin Ghahramani},
  Year = {2016}
}

@Article{cancer-org,
  Title = {\href{https://www.cancer.org/es/cancer/cancer-de-piel-de-celulas-basales-y-escamosas/acerca/que-es-cancer-de-piel-de-celulas-basales-y-escamosas.html}{¿Qué son los cánceres de piel de células basales y de células escamosas?}},
  Author = {Equipo de redactores y equipo de editores médicos de la Sociedad Americana Contra El Cáncer},
  Year = {2019}
}

@Article{pediatriaintegral,
  Title = {\href{https://www.pediatriaintegral.es/publicacion-2016-05/trastornos-de-la-pigmentacion-lentigos-nevus-y-melanoma-fotoproteccion-2/}{Trastornos de la pigmentación: lentigos, nevus y melanoma}},
  Author = {G.M. Garnacho Saucedo},
  %Year = {2020} % REVISAR AÑO
}


@Article{utmedicalcenter,
  Title = {\href{https://www.utmedicalcenter.org/es/medical-care/centers-of-excellence/cancer/cancer-specialties/melanoma-soft-tissue-cancer/}{Melanoma y cáncer de tejidos blandos}},
  Author = {Instituto de Cáncer del Centro Médico de la Universidad de Tennessee},
  %Year = {2020} % REVISAR AÑO
}


@Article{SMOTE,
  Title = {\href{https://arxiv.org/abs/1106.1813}{SMOTE: Synthetic Minority Over-sampling Technique}},
  Author = {N.V.Chawla, K.W.Bowyer, L.O.Hall, W.P.Kegelmeyer},
  Year = {2011}
}


@Article{towardsdatascience-montecarlo,
  Title = {\href{https://towardsdatascience.com/monte-carlo-dropout-7fd52f8b6571}{Monte Carlo Dropout}},
  Author = {Michał Oleszak},
  Year = {2020}
}

@Article{imbalanced-classification,
  Title = {Imbalanced Classification with Python},
  Author = {Jason Brownlee},
  Year = {2020}
}